@article{Awan_2017,
   author = {Awan, Imran},
   title = {Cyber-Extremism: Isis and the Power of Social Media},
   journal = {Society},
   volume = {54},
   number = {2},
   pages = {138-149},
   ISSN = {0147-2011
1936-4725},
   DOI = {10.1007/s12115-017-0114-0},
   year = {2017},
   type = {Journal Article}
}

@article{Ferrara_2017,
   author = {Ferrara, Emilio},
   title = {Contagion dynamics of extremist propaganda in social networks},
   journal = {Information Sciences},
   volume = {418-419},
   pages = {1-12},
   ISSN = {00200255},
   DOI = {10.1016/j.ins.2017.07.030},
   year = {2017},
   type = {Journal Article}
}

@article{Freeman_2017,
   author = {Freeman, Lee A. and Schroeder, Robert and Everton, Sean F.},
   title = {Social Media Exploitation by Covert Networks: A Case Study of ISIS},
   journal = {Communications of the Association for Information Systems},
   volume = {41},
   pages = {97-120},
   ISSN = {15293181},
   DOI = {10.17705/1cais.04105},
   year = {2017},
   type = {Journal Article}
}

@article{Mitts_2018,
   author = {Mitts, Tamar},
   title = {From Isolation to Radicalization: Anti-Muslim Hostility
 and Support for ISIS in the West},
   journal = {American Political Science Review},
   volume = {113},
   number = {1},
   pages = {173-194},
   ISSN = {0003-0554
1537-5943},
   DOI = {10.1017/s0003055418000618},
   year = {2018},
   type = {Journal Article}
}

@article{Zeitzoff_2017,
   author = {Zeitzoff, Thomas},
   title = {How Social Media Is Changing Conflict},
   journal = {Journal of Conflict Resolution},
   volume = {61},
   number = {9},
   pages = {1970-1991},
   ISSN = {0022-0027
1552-8766},
   DOI = {10.1177/0022002717721392},
   year = {2017},
   type = {Journal Article}
}

